@ONLINE{TuringCompleteness,
    url = {https://academy.binance.com/en/glossary/turing-complete},
    title = {Turing Completeness}
}

@ONLINE{NNetHiddenLayers,
    url = {https://deepai.org/machine-learning-glossary-and-terms/hidden-layer-machine-learning},
    title = {Hidden Layers}
}